@book{nielsen+chuang,
    title = {Quantum Computation and Quantum Information},
    author = {Nielsen, M. A. and Chuang, I. L.},
    edition = {10th Anniversary Edition},
    year = {2016},
    publisher = {Cambridge University Press},
    address = {Cambridge},
}

@book{kaye+laflamme+mosca,
    author = {Kaye, P. and Laflamme, R. and Mosca, M.},
    title = {An Introduction to Quantum Computing},
    year = {2007},
    publisher = {Oxford University Press},
    address = {Oxford},
}

@book{szabo+ostlund,
  title = {Modern Quantum Chemistry: Introduction to Advanced Electronic Structure Theory},
  author = {A. Szabo and N. S. Ostlund},
  year = {1996},
  publisher = {Dover Publications},
  address = {Minneola},
}

@article{mcardle+etal,
   title = {Quantum computational chemistry},
   volume = {92},
   ISSN = {1539-0756},
   url = {http://dx.doi.org/10.1103/RevModPhys.92.015003},
   DOI = {10.1103/revmodphys.92.015003},
   number = {1},
   journal = {Reviews of Modern Physics},
   publisher = {American Physical Society (APS)},
   author = {McArdle, Sam and Endo, Suguru and Aspuru-Guzik, Alán and Benjamin, Simon C. and Yuan, Xiao},
   year = {2020},
   month = mar,
}

@misc{mansky+etal,
      title = {Decomposition Algorithm of an Arbitrary Pauli Exponential through a Quantum Circuit}, 
      author = {Maximilian Balthasar Mansky and Victor Ramos Puigvert and Santiago Londoño Castillo and Claudia Linnhoff-Popien},
      year = {2023},
      eprint = {2305.04807},
      archivePrefix = {arXiv},
      primaryClass = {quant-ph},
}

@article{jordan+wigner,
  author = {Pascual Jordan and Eugene Wigner},
  doi = {https://doi.org/10.1007/BF01331938},
  journal = {Z. Physik},
  number= {47},
  pages = {631--651},
  title = {Über das Pauliszche Äquivalenzverbot},
  year = {1928},
}

@article{whitfield+etal,
  author = {Whitfield, James D. and Biamonte, Jacob and Aspuru-Guzik, Alán},
  DOI = {10.1080/00268976.2011.552441},
  ISSN = {1362-3028},
  journal = {Molecular Physics},
  month=mar,
  number = {5},
  pages={735–750},
  publisher = {Informa UK Limited},
  title = {Simulation of electronic structure Hamiltonians using quantum computers},
  url = {http://dx.doi.org/10.1080/00268976.2011.552441},
  volume = {109},
  year = {2011},
}

@misc{openfermion,
      title={OpenFermion: The Electronic Structure Package for Quantum Computers}, 
      author={Jarrod R. McClean and Kevin J. Sung and Ian D. Kivlichan and Yudong Cao and Chengyu Dai and E. Schuyler Fried and Craig Gidney and Brendan Gimby and Pranav Gokhale and Thomas Häner and Tarini Hardikar and Vojtěch Havlíček and Oscar Higgott and Cupjin Huang and Josh Izaac and Zhang Jiang and Xinle Liu and Sam McArdle and Matthew Neeley and Thomas O'Brien and Bryan O'Gorman and Isil Ozfidan and Maxwell D. Radin and Jhonathan Romero and Nicholas Rubin and Nicolas P. D. Sawaya and Kanav Setia and Sukin Sim and Damian S. Steiger and Mark Steudtner and Qiming Sun and Wei Sun and Daochen Wang and Fang Zhang and Ryan Babbush},
      year={2019},
      eprint={1710.07629},
      archivePrefix={arXiv},
      primaryClass={quant-ph}
}

@misc{qiskit,
    author = {{Qiskit contributors}},
    title = {Qiskit: An Open-source Framework for Quantum Computing},
    year = {2023},
    doi = {10.5281/zenodo.2573505}
}

@article{omalley+etal,
   title={Scalable Quantum Simulation of Molecular Energies},
   volume={6},
   ISSN={2160-3308},
   url={http://dx.doi.org/10.1103/PhysRevX.6.031007},
   DOI={10.1103/physrevx.6.031007},
   number={3},
   journal={Physical Review X},
   publisher={American Physical Society (APS)},
   author={O’Malley, P. J. J. and Babbush, R. and Kivlichan, I. D. and Romero, J. and McClean, J. R. and Barends, R. and Kelly, J. and Roushan, P. and Tranter, A. and Ding, N. and Campbell, B. and Chen, Y. and Chen, Z. and Chiaro, B. and Dunsworth, A. and Fowler, A. G. and Jeffrey, E. and Lucero, E. and Megrant, A. and Mutus, J. Y. and Neeley, M. and Neill, C. and Quintana, C. and Sank, D. and Vainsencher, A. and Wenner, J. and White, T. C. and Coveney, P. V. and Love, P. J. and Neven, H. and Aspuru-Guzik, A. and Martinis, J. M.},
   year={2016},
   month=jul }
