@book{nielsen+chuang,
    title = {Quantum Computation and Quantum Information},
    author = {Nielsen, M. A. and Chuang, I. L.},
    edition = {10th Anniversary Edition},
    year = {2016},
    publisher = {Cambridge University Press},
    address = {Cambridge},
}

@book{kaye+laflamme+mosca,
    author = {Kaye, P. and Laflamme, R. and Mosca, M.},
    title = {An Introduction to Quantum Computing},
    year = {2007},
    publisher = {Oxford University Press},
    address = {Oxford},
}

@book{szabo+ostlund,
  title = {Modern Quantum Chemistry: Introduction to Advanced Electronic Structure Theory},
  author = {A. Szabo and N. S. Ostlund},
  year = {1996},
  publisher = {Dover Publications},
  address = {Minneola},
}

@article{mcardle+etal,
   title = {Quantum computational chemistry},
   volume = {92},
   ISSN = {1539-0756},
   url = {http://dx.doi.org/10.1103/RevModPhys.92.015003},
   number = {1},
   journal = {Reviews of Modern Physics},
   publisher = {American Physical Society (APS)},
   author = {McArdle, Sam and Endo, Suguru and Aspuru-Guzik, Alán and Benjamin, Simon C. and Yuan, Xiao},
   year = {2020},
   month = mar,
}

@misc{mansky+etal,
      title = {Decomposition Algorithm of an Arbitrary Pauli Exponential through a Quantum Circuit},
      author = {Maximilian Balthasar Mansky and Victor Ramos Puigvert and Santiago Londoño Castillo and Claudia Linnhoff-Popien},
      year = {2023},
      url = {https://arxiv.org/abs/2305.04807},
}

@article{jordan+wigner,
  author = {Pascual Jordan and Eugene Wigner},
  url = {https://doi.org/10.1007/BF01331938},
  journal = {Z. Physik},
  number= {47},
  pages = {631--651},
  title = {Über das Pauliszche Äquivalenzverbot},
  year = {1928},
}

@misc{openfermion,
      title={OpenFermion: The Electronic Structure Package for Quantum Computers},
      author={Jarrod R. McClean and Kevin J. Sung and Ian D. Kivlichan and Yudong Cao and Chengyu Dai and E. Schuyler Fried and Craig Gidney and Brendan Gimby and Pranav Gokhale and Thomas Häner and Tarini Hardikar and Vojtěch Havlíček and Oscar Higgott and Cupjin Huang and Josh Izaac and Zhang Jiang and Xinle Liu and Sam McArdle and Matthew Neeley and Thomas O'Brien and Bryan O'Gorman and Isil Ozfidan and Maxwell D. Radin and Jhonathan Romero and Nicholas Rubin and Nicolas P. D. Sawaya and Kanav Setia and Sukin Sim and Damian S. Steiger and Mark Steudtner and Qiming Sun and Wei Sun and Daochen Wang and Fang Zhang and Ryan Babbush},
      year={2019},
      url={https://arxiv.org/abs/1710.07629},
}

@misc{qiskit,
    author = {{Qiskit contributors}},
    title = {Qiskit: An Open-source Framework for Quantum Computing},
    year = {2023},
    url = {https://doi.org/10.5281/zenodo.8190968},
}

@article{omalley+etal,
   title={Scalable Quantum Simulation of Molecular Energies},
   volume={6},
   ISSN={2160-3308},
   url={http://dx.doi.org/10.1103/PhysRevX.6.031007},
   number={3},
   journal={Physical Review X},
   publisher={American Physical Society (APS)},
   author={O’Malley, P. J. J. and Babbush, R. and Kivlichan, I. D. and Romero, J. and McClean, J. R. and Barends, R. and Kelly, J. and Roushan, P. and Tranter, A. and Ding, N. and Campbell, B. and Chen, Y. and Chen, Z. and Chiaro, B. and Dunsworth, A. and Fowler, A. G. and Jeffrey, E. and Lucero, E. and Megrant, A. and Mutus, J. Y. and Neeley, M. and Neill, C. and Quintana, C. and Sank, D. and Vainsencher, A. and Wenner, J. and White, T. C. and Coveney, P. V. and Love, P. J. and Neven, H. and Aspuru-Guzik, A. and Martinis, J. M.},
   year={2016},
   month=jul }

@article{cao+etal,
   title={Quantum Chemistry in the Age of Quantum Computing},
   volume={119},
   ISSN={1520-6890},
   url={http://dx.doi.org/10.1021/acs.chemrev.8b00803},
   number={19},
   journal={Chemical Reviews},
   publisher={American Chemical Society (ACS)},
   author={Cao, Yudong and Romero, Jonathan and Olson, Jonathan P. and Degroote, Matthias and Johnson, Peter D. and Kieferová, Mária and Kivlichan, Ian D. and Menke, Tim and Peropadre, Borja and Sawaya, Nicolas P. D. and Sim, Sukin and Veis, Libor and Aspuru-Guzik, Alán},
   year={2019},
   month=aug,
   pages={10856–10915},
}

@article{manin,
    author = {Juri I. Manin},
    title = {Vychislimoe i nevychislimoe},
    journal = {Sovetskoje Radio},
    year = {1980},
    address = {Moskva},
}

@article{feynman,
    author = {Richard P. Feynman},
    title = {Simulating Physics with Computers},
    journal = {International Journal of Theoretical Physics},
    year = {1982},
    number = {21},
    pages = {264--488},
}

@article{whitfield+etal2011,
    title = {Simulation of electronic structure Hamiltonians using quantum computers},
    volume = {109},
    ISSN = {1362-3028},
    url = {http://dx.doi.org/10.1080/00268976.2011.552441},
    number = {5},
    journal = {Molecular Physics},
    publisher = {Informa UK Limited},
    author = {Whitfield, James D. and Biamonte, Jacob and Aspuru-Guzik, Alán},
    year = {2011},
    month = mar,
    pages = {735–750},
}

@misc{whitfield+etal2022,
    title = {Quantum Computing 2022},
    author = {James D. Whitfield and Jun Yang and Weishi Wang and Joshuah T. Heath and Bren  Harrison},
    year = {2022},
    url = {https://arxiv.org/abs/2201.09877},
}

@book{szabo+ostlund,
    title = {Modern Quantum Chemistry: Introduction to Advanced Electronic Structure Theory},
    author = {A. Szabo and N. S. Ostlund},
    year = {1996},
    publisher = {Dover Publications},
    address = {Minneola},
}

@article{mcardle+etal,
    title = {Quantum computational chemistry},
    volume = {92},
    ISSN = {1539-0756},
    url = {http://dx.doi.org/10.1103/RevModPhys.92.015003},
    number = {1},
    journal = {Reviews of Modern Physics},
    publisher = {American Physical Society (APS)},
    author = {McArdle, Sam and Endo, Suguru and Aspuru-Guzik, Alán and Benjamin, Simon C. and Yuan, Xiao},
    year = {2020},
    month = mar,
}

@article{cao+etal,
    title = {Quantum Chemistry in the Age of Quantum Computing},
    volume = {119},
    ISSN= { 1520-6890},
    url = {http://dx.doi.org/10.1021/acs.chemrev.8b00803},
    number = {19},
    journal = {Chemical Reviews},
    publisher = {American Chemical Society (ACS)},
    author = {Cao, Yudong and Romero, Jonathan and Olson, Jonathan P. and Degroote, Matthias and Johnson, Peter D. and Kieferová, Mária and Kivlichan, Ian D. and Menke, Tim and Peropadre, Borja and Sawaya, Nicolas P. D. and Sim, Sukin and Veis, Libor and Aspuru-Guzik, Alán},
    year = {2019},
    month = aug,
    pages = {10856–10915},
}

@article{omalley+etal,
    title = {Scalable Quantum Simulation of Molecular Energies},
    volume = {6},
    ISSN = {2160-3308},
    url = {http://dx.doi.org/10.1103/PhysRevX.6.031007},
    number = {3},
    journal = {Physical Review X},
    publisher = {American Physical Society (APS)},
    author = {O’Malley, P. J. J. and Babbush, R. and Kivlichan, I. D. and Romero, J. and McClean, J. R. and Barends, R. and Kelly, J. and Roushan, P. and Tranter, A. and Ding, N. and Campbell, B. and Chen, Y. and Chen, Z. and Chiaro, B. and Dunsworth, A. and Fowler, A. G. and Jeffrey, E. and Lucero, E. and Megrant, A. and Mutus, J. Y. and Neeley, M. and Neill, C. and Quintana, C. and Sank, D. and Vainsencher, A. and Wenner, J. and White, T. C. and Coveney, P. V. and Love, P. J. and Neven, H. and Aspuru-Guzik, A. and Martinis, J. M.},
    year = {2016},
    month = jul,
 }

@article{kassal+etal,
    title = {Simulating Chemistry Using Quantum Computers},
    volume = {62},
    ISSN = {1545-1593},
    url = {http://dx.doi.org/10.1146/annurev-physchem-032210-103512},
    number = {1},
    journal = {Annual Review of Physical Chemistry},
    publisher = {Annual Reviews},
    author = {Kassal, Ivan and Whitfield, James D. and Perdomo-Ortiz, Alejandro and Yung, Man-Hong and Aspuru-Guzik, Alán},
    year = {2011},
    month = may,
    pages = {185–207},
}

@misc{yung+etal,
    title = {Introduction to Quantum Algorithms for Physics and Chemistry},
    ISBN = {9781118742631},
    url = {http://dx.doi.org/10.1002/9781118742631.ch03},
    journal = {Quantum Information and Computation for Chemistry},
    publisher = {Wiley},
    author = {Yung, Man‐Hong and Whitfield, James D. and Boixo, Sergio and Tempel, David G. and Aspuru‐Guzik, Alán},
    year = {2014},
    month = feb,
    pages = {67–106},
}

@misc{quera+roadmap,
    title = {QuEra Computing Releases a Groundbreaking Roadmap for Advanced Error-Corrected Quantum Computers, Pioneering the Next Frontier in Quantum Innovation},
    url = {https://www.quera.com/press-releases/quera-computing-releases-a-groundbreaking-roadmap-for-advanced-error-corrected-quantum-computers-pioneering-the-next-frontier-in-quantum-innovation},
    year = {2024},
    month = {jan},
}

@misc{ibmq+roadmap,
    title = {Quantum Roadmap},
    url = {https://www.ibm.com/roadmaps/quantum/},
}

@mastersthsis{raidlo,
    type = {Bakalaureusetöö},
    author = {Marko Raidlo},
    title = {Molekulaarse süsteemi põhioleku energia arvutamine omaväärtusülesande variatsioonilise kvantlahendamise algoritmi abil},
    year = {2021},
    school = {Tartu Ülikool},
}

@article{preskill,
   title={Quantum Computing in the NISQ era and beyond},
   volume={2},
   ISSN={2521-327X},
   url={http://dx.doi.org/10.22331/q-2018-08-06-79},
   journal={Quantum},
   publisher={Verein zur Forderung des Open Access Publizierens in den Quantenwissenschaften},
   author={Preskill, John},
   year={2018},
   month=aug,
   pages={79},
}

@article{quera,
   title={Logical quantum processor based on reconfigurable atom arrays},
   volume={626},
   ISSN={1476-4687},
   url={http://dx.doi.org/10.1038/s41586-023-06927-3},
   number={7997},
   journal={Nature},
   publisher={Springer Science and Business Media LLC},
   author={Bluvstein, Dolev and Evered, Simon J. and Geim, Alexandra A. and Li, Sophie H. and Zhou, Hengyun and Manovitz, Tom and Ebadi, Sepehr and Cain, Madelyn and Kalinowski, Marcin and Hangleiter, Dominik and Bonilla Ataides, J. Pablo and Maskara, Nishad and Cong, Iris and Gao, Xun and Sales Rodriguez, Pedro and Karolyshyn, Thomas and Semeghini, Giulia and Gullans, Michael J. and Greiner, Markus and Vuletić, Vladan and Lukin, Mikhail D.},
   year={2023},
   month=dec,
   pages={58–65},
}

@article{psi4,
    author = {Smith, Daniel G. A. and Burns, Lori A. and Simmonett, Andrew C. and Parrish, Robert M. and Schieber, Matthew C. and Galvelis, Raimondas and Kraus, Peter and Kruse, Holger and Di Remigio, Roberto and Alenaizan, Asem and James, Andrew M. and Lehtola, Susi and Misiewicz, Jonathon P. and Scheurer, Maximilian and Shaw, Robert A. and Schriber, Jeffrey B. and Xie, Yi and Glick, Zachary L. and Sirianni, Dominic A. and O’Brien, Joseph Senan and Waldrop, Jonathan M. and Kumar, Ashutosh and Hohenstein, Edward G. and Pritchard, Benjamin P. and Brooks, Bernard R. and Schaefer, Henry F., III and Sokolov, Alexander Yu. and Patkowski, Konrad and DePrince, A. Eugene, III and Bozkaya, Uğur and King, Rollin A. and Evangelista, Francesco A. and Turney, Justin M. and Crawford, T. Daniel and Sherrill, C. David},
    title = "{PSI4 1.4: Open-source software for high-throughput quantum chemistry}",
    journal = {The Journal of Chemical Physics},
    volume = {152},
    number = {18},
    pages = {184108},
    year = {2020},
    month = {05},
    issn = {0021-9606},
    url = {https://doi.org/10.1063/5.0006002},
    eprint = {https://pubs.aip.org/aip/jcp/article-pdf/doi/10.1063/5.0006002/16684807/184108\_1\_online.pdf},
}

@misc{python,
  title = {Python},
  url = {https://www.python.org/},
}

@misc{repo,
  title = {Töö repositoorium},
  url = {https://doi.org/10.5281/zenodo.15510484},
}

@InCollection{stanford,
	author       =	{Cuffaro, Michael and Hagar, Amit},
	title        =	{{Quantum Computing}},
	booktitle    =	{The {Stanford} Encyclopedia of Philosophy},
	editor       =	{Edward N. Zalta and Uri Nodelman},
	url	     =	{https://plato.stanford.edu/archives/spr2024/entries/qt-quantcomp/},
	year         =	{2024},
	edition      =	{{S}pring 2024},
	publisher    =	{Metaphysics Research Lab, Stanford University}
}
